@article{TGunn,
    author = {Terry Gunnell},
    pages = {55-76},
    publisher = {Scripta islandica},
    title = {Pantheon? What Pantheon? Concepts of a Family of Gods in Pre-Christian Scandinavian Religions},
    year = {2015},
    copyright = {Forfattarna och Scripta Islandica 2015},
    issn = {0582-3234},
    language = {eng},
    journal = {ISLÄNDSKA SÄLLSKAPETS}
}


