@article{eckart2022,
  author          = {Kim Eckart},
  journal         = {UW News},
  number          = {1},
  title           = {Black-owned restaurants disproportionately impacted during pandemic},
  volume          = {1},
  year            = {2022}
}