@journal{EMikk,
    author = {Egil Mikkelsen},
    pages = {39-51},
    publisher = {Göteborg: Åström},
    title = { Islam and Scandinavia during the Viking Age},
    year = {1998},
    copyright = {Byzantium and Islam in Scandinavia. Act of a Symposium at Uppsala University June 15-16 1996},
    language = {eng},
    journal = {Studies in Mediterranean Archaeology}
}


